@misc{byt5,
  title={By{T}5: Towards a token-free future with pre-trained byte-to-byte models}, 
  author={Linting Xue and Aditya Barua and Noah Constant and Rami Al-Rfou and Sharan Narang and Mihir Kale and Adam Roberts and Colin Raffel},
  year={2021},
  eprint={2105.13626},
  archivePrefix={arXiv},
  primaryClass={cs.CL}
}

@article{m2m100,
  title={Beyond {E}nglish-centric multilingual machine translation},
  author={Fan, Angela and Bhosale, Shruti and Schwenk, Holger and Ma, Zhiyi and El-Kishky, Ahmed and Goyal, Siddharth and Baines, Mandeep and Celebi, Onur and Wenzek, Guillaume and Chaudhary, Vishrav and others},
  journal={Journal of Machine Learning Research},
  volume={22},
  number={107},
  pages={1--48},
  year={2021}
}

@inproceedings{mt5,
  title={\lowercase{m}{T}5: A Massively Multilingual Pre-trained Text-to-Text Transformer},
  author={Xue, Linting and Constant, Noah and Roberts, Adam and Kale, Mihir and Al-Rfou, Rami and Siddhant, Aditya and Barua, Aditya and Raffel, Colin},
  booktitle={Proceedings of the 2021 Conference of the North American Chapter of the Association for Computational Linguistics: Human Language Technologies},
  pages={483--498},
  year={2021}
}

@software{cld3,
  author = {Alex Salcianu and Andy Golding and Anton Bakalov and Chris Alberti and Daniel Andor and David Weiss and Emily Pitler and Greg Coppola and Jason Riesa and Kuzman Ganchev and Michael Ringgaard and Nan Hua and Ryan McDonald and Slav Petrov and Stefan Istrate and Terry Koo},
  title = {Compact Language Detector v3 ({CLD}3)},
  url = {https://github.com/google/cld3},
  year={2021}
}

@article{mt5ng,
  title={Quality at a Glance: An Audit of Web-Crawled Multilingual Datasets},
  author={Kreutzer, Julia and Caswell, Isaac and Wang, Lisa and Wahab, Ahsan and van Esch, Daan and Ulzii-Orshikh, Nasanbayar and Tapo, Allahsera and Subramani, Nishant and Sokolov, Artem and Sikasote, Claytone and others},
  journal={Transactions of the Association for Computational Linguistics},
  volume={10},
  pages={50--72},
  year={2022}
}

@inproceedings{degeneration,
  title={The Curious Case of Neural Text Degeneration},
  author={Holtzman, Ari and Buys, Jan and Du, Li and Forbes, Maxwell and Choi, Yejin},
  booktitle={International Conference on Learning Representations},
  year={2019}
}

@inproceedings{repitition,
  title={A Theoretical Analysis of the Repetition Problem in Text Generation},
  author={Fu, Zihao and Lam, Wai and So, Anthony Man-Cho and Shi, Bei},
  booktitle={Proceedings of the AAAI Conference on Artificial Intelligence},
  volume={35},
  number={14},
  pages={12848--12856},
  year={2021}
}

@inproceedings{bleung,
  title={Itâ€™s not a non-issue: Negation as a source of error in machine translation},
  author={Hossain, Md Mosharaf and Anastasopoulos, Antonios and Blanco, Eduardo and Palmer, Alexis},
  booktitle={Findings of the Association for Computational Linguistics, ACL 2020: EMNLP 2020},
  pages={3869--3885},
  year={2020},
  organization={Association for Computational Linguistics (ACL)}
}
